@misc{DesignTechniques,
  title={Algorithms Design Techniques},
  author={S. ~Srivastava},
  editor={{Geeks}--for--{Geeks}},
  url={https://www.geeksforgeeks.org/algorithms-design-techniques/}
}
@misc{BruteForce,
  title={Brute Force Approach and its pros and cons
},
  author={S. ~Mitra},
  editor={{Geeks}--for--{Geeks}},
  url={https://www.geeksforgeeks.org/brute-force-approach-and-its-pros-and-cons/}
}
@misc{DivideAndConquer,
  title={Introduction to Divide and Conquer Algorithm â€“ Data Structure and Algorithm Tutorials
},
  author={GeeksforGeeks},
  editor={{Geeks}--for--{Geeks}},
  url={https://www.geeksforgeeks.org/introduction-to-divide-and-conquer-algorithm-data-structure-and-algorithm-tutorials/}
}
